@Misc{mikkelsen2018,
  OPTkey = 	 {},
  author = 	 {Carl Christian Kjelgaard Mikkelsen},
  title = 	 {{An Introduction to Scientific Computing}},
  howpublished = {git@git.cs.umu.se:courses/5dv005ht18.git},
  OPTmonth = 	 {},
  year = 	 {2018},
  OPTnote = 	 {},
  OPTannote = 	 {}
}

@Misc{sameh1998,
  OPTkey = 	 {},
  author = 	 {Ahmed Sameh},
  title = 	 {Introduction to numerical methods},
  howpublished = {git@git.cs.umu.se:courses/5dv005ht18.git},
  OPTmonth = 	 {},
  year = 	 {1998},
  OPTnote = 	 {},
  OPTannote = 	 {}
}
